@book{kirk:optintro,
	author = {Donald E. Kirk},
	title = {Optimal Control Theory},
	subtitle = {An Introduction},
	year = 1970,
	location = {Englewood Cliffs, NJ},
	publisher = {Prentice-Hall},
	series = {Prentice-Hall Networks Series},
	isbn = {13-638098-0},
}

@book{shinners:modern,
	author = {Stanley M. Shinners},
	sorttitle = {AAvanced Modern Control System Theory {and} Design},
	title = {Modern Control System Theory {and} Design},
	shorttitle = {Modern Control Systems},
	edition = 2,
	year = 1998,
	location = {New York, NY},
	publisher = {John Wiley \& Sons},
	isbn = {0-471-24906-8},
}
@book{shinners:advanced,
	author = {Stanley M. Shinners},
	title = {Advanced Modern Control System Theory {and} Design},
	shorttitle = {Advanced Control Systems},
	year = 1998,
	location = {New York, NY},
	publisher = {John Wiley \& Sons},
	isbn = {0-471-31857-4},
}

@mastersthesis{salomon:thesis,
	author = {Joel C. Salomon},
	title = {Control Systems for the Lunar Lander X-Prize Challenge},
	type = {Master's Thesis},
	location = {New York, NY},
	institution = {The Cooper Union for the Advancement of Science {and} Art},
	year = {2010},
}

@report{salomon:report1,
	author = {Joel C. Salomon},
	title = {Control Systems for the Lunar Lander X-Prize Challenge
		Interim Report \No 1:
		Formulation of the Problem},
	shorttitle = {Interim Report \No 1: Formulation of the Problem},
	type = {Thesis Progress Report},
	location = {New York, NY},
	institution = {The Cooper Union for the Advancement of Science {and} Art},
	date = {2009-09-21},
}

